<?xml version="1.0" encoding="utf-8"?>
<record xmlns="http://www.loc.gov/MARC21/slim" xmlns:xsi="http://www.w3.org/2001/XMLSchema-instance" xsi:schemaLocation="http://www.loc.gov/MARC21/slim http://www.loc.gov/standards/marcxml/schema/MARC21slim.xsd">
	<leader>     nam a22        4500</leader>
	<controlfield tag="001">3059233</controlfield>
	<controlfield tag="003">NNC</controlfield>
	<controlfield tag="006">m        d        </controlfield>
	<controlfield tag="007">cr cn |||m|||a</controlfield>
	<controlfield tag="008">160323s1938    ua      o     000 0 arar </controlfield>
	<datafield ind1=" " ind2=" " tag="040">
		<subfield code="a">NNU</subfield>
		<subfield code="b">eng</subfield>
		<subfield code="e">rda</subfield>
		<subfield code="c">NNU</subfield>
	</datafield>
	<datafield ind1="0" ind2="0" tag="050">
		<subfield code="a">KBP494.62.I2628</subfield>
		<subfield code="b">A343 1938</subfield>
	</datafield>
	<datafield ind1="1" ind2=" " tag="100">
		<subfield code="6">880-01</subfield>
		<subfield code="a">Ibn Ḥajar al-Haythamī, Aḥmad ibn Muḥammad,</subfield>
		<subfield code="d">approximately 1503-approximately 1566.</subfield>
	</datafield>
	<datafield ind1="1" ind2="3" tag="245">
		<subfield code="6">880-02</subfield>
		<subfield code="a">al-Fatāwá al-kubrá al-fiqhīyah /</subfield>
		<subfield code="c">li-Ibn Ḥajar al-Makkī al-Haythamī. Wa-bi-hāmishihī fatāwá Shams al-Dīn Muḥammad ibn Shihāb al-Dīn Aḥmad ibn Aḥmad ibn Ḥamzah al-Ramlī.</subfield>
	</datafield>
	<datafield ind1=" " ind2=" " tag="260">
		<subfield code="6">880-03</subfield>
		<subfield code="a">Miṣr :</subfield>
		<subfield code="b">Multazim al-Ṭabʻ wa-al-Nashr ʻAbd al-Ḥamīd Aḥmad Ḥanafī,</subfield>
		<subfield code="c">[1938]</subfield>
	</datafield>
	<datafield ind1=" " ind2=" " tag="300">
		<subfield code="a">online resource (4 volumes)</subfield>
	</datafield>
	<datafield ind1=" " ind2=" " tag="336">
		<subfield code="a">text</subfield>
		<subfield code="2">rdacontent</subfield>
	</datafield>
	<datafield ind1=" " ind2=" " tag="337">
		<subfield code="a">computer</subfield>
		<subfield code="2">rdamedia</subfield>
	</datafield>
	<datafield ind1=" " ind2=" " tag="338">
		<subfield code="a">online resource</subfield>
		<subfield code="2">rdacarrier</subfield>
	</datafield>
	<datafield ind1=" " ind2=" " tag="500">
		<subfield code="a">On the marjin: Decisions by Aḥmad ibn Muḥammad al-Ramlī, compiled and arranged by his son Muḥammad.</subfield>
	</datafield>
	<datafield ind1=" " ind2=" " tag="500">
		<subfield code="a">Part of the Arabic Collections Online (ACO) project, contributed by Columbia University Libraries.</subfield>
	</datafield>
	<datafield ind1=" " ind2=" " tag="533">
		<subfield code="a">Electronic reproduction.</subfield>
		<subfield code="b">New York, N.Y. :</subfield>
		<subfield code="c">New York University,</subfield>
		<subfield code="d">2016.</subfield>
		<subfield code="5">NNU</subfield>
	</datafield>
	<datafield ind1=" " ind2="0" tag="650">
		<subfield code="a">Fatwas</subfield>
		<subfield code="v">Early works to 1800.</subfield>
	</datafield>
	<datafield ind1=" " ind2="0" tag="650">
		<subfield code="a">Islamic law.</subfield>
	</datafield>
	<datafield ind1=" " ind2="0" tag="650">
		<subfield code="a">Shafiites.</subfield>
	</datafield>
	<datafield ind1=" " ind2="7" tag="650">
		<subfield code="a">Fatwas.</subfield>
		<subfield code="2">fast</subfield>
		<subfield code="0">(OCoLC)fst00921976</subfield>
	</datafield>
	<datafield ind1=" " ind2="7" tag="650">
		<subfield code="a">Islamic law.</subfield>
		<subfield code="2">fast</subfield>
		<subfield code="0">(OCoLC)fst00979949</subfield>
	</datafield>
	<datafield ind1=" " ind2="7" tag="650">
		<subfield code="a">Shafiites.</subfield>
		<subfield code="2">fast</subfield>
		<subfield code="0">(OCoLC)fst01115053</subfield>
	</datafield>
	<datafield ind1=" " ind2="7" tag="655">
		<subfield code="a">Early works.</subfield>
		<subfield code="2">fast</subfield>
		<subfield code="0">(OCoLC)fst01411636</subfield>
	</datafield>
	<datafield ind1="1" ind2=" " tag="700">
		<subfield code="6">880-04</subfield>
		<subfield code="a">Ramlī, Aḥmad ibn Aḥmad,</subfield>
		<subfield code="d">1513-1550.</subfield>
		<subfield code="t">Fatāwá.</subfield>
	</datafield>
	<datafield ind1="2" ind2=" " tag="710">
		<subfield code="a">Columbia University.</subfield>
		<subfield code="b">Libraries.</subfield>
	</datafield>
	<datafield ind1="0" ind2=" " tag="730">
		<subfield code="a">Arabic Collections Online.</subfield>
	</datafield>
	<datafield ind1="0" ind2="8" tag="776">
		<subfield code="i">Online version:</subfield>
		<subfield code="a">Ibn Ḥajar al-Haythamī, Aḥmad ibn Muḥammad, approximately 1503-approximately 1566.</subfield>
		<subfield code="t">Fatāwá al-kubrá al-fiqhīyah.</subfield>
		<subfield code="d">Miṣr, Multazim al-Ṭabʻ wa-al-Nashr ʻAbd al-Ḥamīd Aḥmad Ḥanafī, [1938]</subfield>
		<subfield code="w">(OCoLC)809466264</subfield>
	</datafield>
	<datafield ind1="0" ind2="8" tag="776">
		<subfield code="i">Print version:</subfield>
		<subfield code="a">Ibn Ḥajar al-Haythamī, Aḥmad ibn Muḥammad, approximately 1503-approximately 1566.</subfield>
		<subfield code="t">al-Fatāwá al-kubrá al-fiqhīyah</subfield>
		<subfield code="w">(NNC)3059233</subfield>
		<subfield code="w">(DLC)ne 68001628 </subfield>
		<subfield code="w">(OCoLC)20240331</subfield>
	</datafield>
	<datafield ind1="4" ind2="0" tag="856">
		<subfield code="u">http://hdl.handle.net/2333.1/ttdz0czm</subfield>
	</datafield>
	<datafield ind1="1" ind2=" " tag="880">
		<subfield code="6">100-01/r</subfield>
		<subfield code="a">ابن حجر الهيثمي، أحمد بن محمد،</subfield>
		<subfield code="d">approximately 1503-approximately 1566.</subfield>
	</datafield>
	<datafield ind1="1" ind2="3" tag="880">
		<subfield code="6">245-02/r</subfield>
		<subfield code="a">الفتاوى الكبرى الفقهية /</subfield>
		<subfield code="c">لابن حجر المكي الهيثمي ؛ وبهامشه فتاوى العلامة شمس الدين محمد بن علامة شهاب الدين أحمد بن أحمد بن حمزة الرملي.</subfield>
	</datafield>
	<datafield ind1=" " ind2=" " tag="880">
		<subfield code="6">260-03/r</subfield>
		<subfield code="a">مصر :</subfield>
		<subfield code="b">ملتزم الطبع والنشر عبد الحميد احمد حنفي،</subfield>
		<subfield code="c">[1938]</subfield>
	</datafield>
	<datafield ind1="1" ind2="2" tag="880">
		<subfield code="6">700-04/r</subfield>
		<subfield code="a">شملي، محمد بن أحمد،,</subfield>
		<subfield code="d">1513-1596.</subfield>
		<subfield code="t">فتاوى.</subfield>
	</datafield>
	<datafield ind1=" " ind2=" " tag="959">
		<subfield code="a">NNU</subfield>
		<subfield code="b">WEB</subfield>
		<subfield code="c">GENI</subfield>
		<subfield code="t">0</subfield>
		<subfield code="m">Electronic access</subfield>
		<subfield code="s">01</subfield>
	</datafield>
	<datafield ind1=" " ind2=" " tag="999">
		<subfield code="i">NNC_3059233</subfield>
		<subfield code="o">(OCoLC)ocm20240331</subfield>
		<subfield code="s">columbia_aco001775:v.1</subfield>
		<subfield code="s">columbia_aco001778:v.2</subfield>
		<subfield code="s">columbia_aco001777:v.3</subfield>
		<subfield code="s">columbia_aco001776:v.4</subfield>
		<subfield code="e">(ERROR-880)</subfield>
		<subfield code="s">columbia_aco001775:v.1</subfield>
		<subfield code="s">columbia_aco001778:v.2</subfield>
		<subfield code="s">columbia_aco001777:v.3</subfield>
		<subfield code="s">columbia_aco001776:v.4</subfield>
	</datafield>
</record>
